@misc{CC,
  author = {Curry, C.},
  biburl = {https://www.math.ntnu.no/emner/TMA4212/2020v/notes/master2.pdf},
  title = {TMA4212 Part 2: Introduction to finite element methods},
  year = 2018
}
